@article{duff,
Author = {Duffy, B, R},
Journal = {International Review of Information Ethics},
Pages = {31--36},
Title = {Fundamental Issues in Social Robotics},
Volume =  {6},
Year = {2006},
}

@article{lin,
title = "Robot ethics: Mapping the issues for a mechanized world ",
journal = "Artificial Intelligence ",
volume = "175",
number = "5--6",
pages = "942 -- 949",
year = "2011",
note = "Special Review Issue ",
issn = "0004-3702",
doi = "http://dx.doi.org/10.1016/j.artint.2010.11.026",
url = "http://www.sciencedirect.com/science/article/pii/S0004370211000178",
author = "Patrick Lin and Keith Abney and George Bekey",
keywords = "Robot",
keywords = "Robotics",
keywords = "Ethics",
keywords = "Society",
keywords = "Philosophy",
keywords = "Psychology",
keywords = "Law",
keywords = "Policy",
keywords = "Safety",
keywords = "Error "
}


@article{kerb,
Author = {Kerb, S},
Journal = {International Review of Information Ethics},
Pages = {64--67},
Title = {On the Anticipation of Ethical Conflicts Between and Robots in {J}apanese Mangas},
Volume =  {6},
Year = {2006},
}

@book{rosa,
Address = {Birmingham, UK},
Author = {A. Rosas},
Publisher = {The Society for the Study of Artificial Intelligence and Simulation of Behaviour},
Title = {The Machine Question: A{I}, Ethics and Moral Responsibility},
Year = {2012},
Editor = {Gundel, D J and Bryson, J J},
}

@MISC{bost,
Author = {Bostrom, Nick},
Title = {Ethical Issues in Advanced Artificial Intelligence},
url = {http://www.nickbostrom.com/ethics/ai.html},
urldate = {06/08/2015}
}

@MISC{lan,
Author = {Lanier, Jaron},
Title = {The First Church of Robotics},
url = {http://www.nytimes.com/2010/08/09/opinion/09lanier.html?\_r=0},
urldate = {06/08/2015},
Year = {2010},
}

@MISC{pear,
Author = {Pearson, Jordan},
Title = {The Sheer Difficulty of Defining What a Robot Is},
url = {http://motherboard.vice.com/read/the-sheer-difficulty-of-defining-what-a-robot-is},
urldate = {06/08/2015},
Year = {2015}
}

@MISC{rodhan,
Author = {Al-Rodhan, Nayef},
Title = {The Many Ethical Implications of Emerging Technologies},
url = {http://www.scientificamerican.com/article/the-many-ethical-implications-of-emerging-technologies/},
urldate = {06/08/2015},
Year = {2015}
}

@MISC{bry,
Author = {Bryson, Joanna, Joanna},
Title = {Ethics: Robots, AI, and Society},
url = {http://www.cs.bath.ac.uk/~jjb/web/ai.html},
urldate = {06/08/2015},
Year = {2015}
}

@MISC{gre,
Author = {Grebelski, K and Lisin, D and Oks, S},
Title = {Artificial intelligence: should we, and if we should then how?},
url = {http://vis-www.cs.umass.edu/~dima/mytexts/aipaper.html},
urldate = {06/08/2015},
}

@MISC{bob,
Author = {Roberts, E},
Title = {A{I} - Ethical Issues},
url = {http://cs.stanford.edu/people/eroberts/courses/soco/projects/2004-05/ai/},
urldate = {06/08/2015},
Year = {2004}